
@inproceedings{SagerDNAEleven,
author = {Jennifer A. Sager and Darko Stefanovic},
title = {Designing Nucleotide Sequences for Computation: A Survey of Constraints},
crossref = "INTERNATIONALDNAELEVEN"
}

@inproceedings{SagerPreproceedingsOfDNAEleven,
author = {Jennifer A. Sager and Darko Stefanovic},
title = {Designing Nucleotide Sequences for Computation: A Survey of Constraints},
crossref = "PRELIMINARYPROCEEDINGSINTERNATIONALDNAELEVEN"
}

@techreport{SagerTechReportForDNAEleven,
author = {Jennifer A. Sager and Darko Stefanovic},
title = {Designing Nucleotide Sequences for Computation: A Survey of Constraints},
month = mar,
year = 2005,
institution = {Department of Computer Science, University of New Mexico},
number = {TR-CS-2005-6}
}

@inproceedings{SagerAIMETen,
author = {John H. Holmes and Jennifer A. Sager},
title = {Rule discovery in epidemiologic surveillance data using {E}pi{XCS}: An evolutionary computation approach},
crossref = "AIMETEN",
note = {\url{http://dx.doi.org/10.1007/11527770_60}},
url = {http://dx.doi.org/10.1007/11527770_60}
}

@inproceedings{SagerIWLCSSeven,
author = {John H. Holmes and Jennifer A. Sager and Warren B. Bilker},
title = {A Comparison of Three Methods for Covering Missing Data in {XCS}},
crossref = "IWLCSSEVEN",
note = {\url{http://www.psychologie.uni-wuerzburg.de/IWLCS/}}
}

@proceedings{IWLCSSEVEN,
key = "IWLCSSEVEN",
title = {Seventh International Workshop on Learning Classifier Systems (IWLCS-2004) during the Genetic and Evolutionary Computation Conference (GECCO 2004)},
booktitle = {Seventh International Workshop on Learning Classifier Systems (IWLCS-2004) during the Genetic and Evolutionary Computation Conference (GECCO 2004)},
year = 2004,
month = jun
}

@proceedings{AIMETEN,
key = "ARTIFICIALINTELLIGENCEINMEDICINETEN",
editor = {Silvia Miksch and Jim Hunter and Elpida Keravnou},
title = {Proceedings of Artificial Intelligence in Medicine: 10th Conference on Artificial Intelligence in Medicine, (AIME 2005)},
booktitle = {Proceedings of Artificial Intelligence in Medicine: 10th Conference on Artificial Intelligence in Medicine, (AIME 2005)},
location = {Aberdeen, UK},
year = 2005,
month = jul,
publisher = {Springer},
series = {Lecture Notes in Computer Science},
volume = 3581
}

@proceedings{PRELIMINARYPROCEEDINGSINTERNATIONALDNAELEVEN,
key = "PRELIMINARYPROCEEDINGSINTERNATIONALDNAELEVEN",
editor = {A. Carbone and M. Daley and L. Kari and I. McQuillan and N. Pierce},
title = {Preliminary Proceedings of the 11th International Workshop on DNA-Based Computers, DNA 2005 (University of Western Ontario: London, Ontario, Canada)},
booktitle = {Preliminary Proceedings of the 11th International Workshop on DNA-Based Computers, DNA 2005 (University of Western Ontario: London, Ontario, Canada)},
year = 2005,
month = jun
}

@proceedings{INTERNATIONALDNAELEVEN,
key = "INTERNATIONALDNAELEVEN",
editor = {A. Carbone and M. Daley and L. Kari and I. McQuillan and N. Pierce},
title = {DNA Computing: 11th International Workshop on DNA-Based Computers, DNA 2005 (University of Western Ontario: London, Ontario, Canada)},
booktitle = {DNA Computing: 11th International Workshop on DNA-Based Computers, DNA 2005 (University of Western Ontario: London, Ontario, Canada)},
publisher = {Springer},
series = {Lecture Notes in Computer Science},
volume = {?},
year = ?
}

